

@misc{wikipedia2023okapibm25,
  author = {Wikipedia},
  title = {Okapi BM25},
  year = {2023},
  url = {https://en.wikipedia.org/wiki/Okapi_BM25},
  note = {Accessed: insert-date-you-accessed-the-page}
}


@misc{hegde2022understanding,
  title={Understanding NDCG as a Metric for your Recommendation System},
  author={Hegde, Sumant},
  year={2022},
  month={Oct},
  day={27},
  url={https://medium.com/@readsumant/understanding-ndcg-as-a-metric-for-your-recomendation-system-5cd012fb3397},
  note={Medium}
}

@misc{mikolov2013efficient,
      title={Efficient Estimation of Word Representations in Vector Space},
      author={Tomas Mikolov and Kai Chen and Greg Corrado and Jeffrey Dean},
      year={2013},
      eprint={1301.3781},
      archivePrefix={arXiv},
      primaryClass={cs.CL}
}