
@article{Hiemstra2009,
  title = {Information Retrieval Models},
  author = {Djoerd Hiemstra},
  year = {2009},
  journal = {Information Retrieval: Searching in the 21st Century},
  pages = {1--19},
  publisher = {John Wiley \& Sons, Ltd},
  note = {[PDF] from psu.edu},
  date = {2009/10/23}
}

@article{yan2021system,
  title   = {System Design for Recommendations and Search},
  author  = {Yan, Ziyou},
  journal = {eugeneyan.com},
  year    = {2021},
  month   = {Jun},
  url     = {https://eugeneyan.com/writing/system-design-for-discovery/}
}

@article{DBLP:journals/corr/abs-1810-04805,
  author       = {Jacob Devlin and
                  Ming{-}Wei Chang and
                  Kenton Lee and
                  Kristina Toutanova},
  title        = {{BERT:} Pre-training of Deep Bidirectional Transformers for Language
                  Understanding},
  journal      = {CoRR},
  volume       = {abs/1810.04805},
  year         = {2018},
  url          = {http://arxiv.org/abs/1810.04805},
  eprinttype    = {arXiv},
  eprint       = {1810.04805},
  timestamp    = {Tue, 30 Oct 2018 20:39:56 +0100},
  biburl       = {https://dblp.org/rec/journals/corr/abs-1810-04805.bib},
  bibsource    = {dblp computer science bibliography, https://dblp.org}
}
