@inproceedings{reimers-2019-sentence-bert,
    title = "Sentence-BERT: Sentence Embeddings using Siamese BERT-Networks",
    author = "Reimers, Nils and Gurevych, Iryna",
    booktitle = "Proceedings of the 2019 Conference on Empirical Methods in Natural Language Processing",
    month = "11",
    year = "2019",
    publisher = "Association for Computational Linguistics",
    url = "http://arxiv.org/abs/1908.10084",
}

@inproceedings{reimers-2020-multilingual-sentence-bert,
    title = "Making Monolingual Sentence Embeddings Multilingual using Knowledge Distillation",
    author = "Reimers, Nils and Gurevych, Iryna",
    booktitle = "Proceedings of the 2020 Conference on Empirical Methods in Natural Language Processing",
    month = "11",
    year = "2020",
    publisher = "Association for Computational Linguistics",
    url = "https://arxiv.org/abs/2004.09813",
}

@inproceedings{thakur-2021-BEIR,
    title = "BEIR: A Heterogenous Benchmark for Zero-shot Evaluation of Information Retrieval Models",
    author = {Thakur, Nandan and Reimers, Nils and R{\"{u}}ckl{\'{e}}, Andreas and Srivastava, Abhishek and Gurevych, Iryna},
    booktitle={Thirty-fifth Conference on Neural Information Processing Systems (NeurIPS 2021) - Datasets and Benchmarks Track (Round 2)},
    month = "4",
    year = "2021",
    url = "https://arxiv.org/abs/2104.08663",
}